<!-- URL: https://www.loc.gov/item/89696911/ -->
<!-- MARCXML: https://lccn.loc.gov/89696911/marcxml -->
<!-- IIIF Manifest: https://www.loc.gov/item/88695674/manifest.json -->
<?xml version="1.0" encoding="UTF-8"?>
<record xmlns="http://www.loc.gov/MARC21/slim" xmlns:zs="http://docs.oasis-open.org/ns/search-ws/sruResponse">
  <leader>02265cem a2200481 a 4500</leader>
  <controlfield tag="001">5511356</controlfield>
  <controlfield tag="005">20180117141654.0</controlfield>
  <controlfield tag="007">aj|canzn</controlfield>
  <controlfield tag="007">cr |||||||||||</controlfield>
  <controlfield tag="008">891025s1989    dcu       a  f  0   eng  </controlfield>
  <datafield ind1=" " ind2=" " tag="035">
    <subfield code="9">(DLC)   89696911</subfield>
  </datafield>
  <datafield ind1=" " ind2=" " tag="906">
    <subfield code="a">7</subfield>
    <subfield code="b">cbc</subfield>
    <subfield code="c">orignew</subfield>
    <subfield code="d">u</subfield>
    <subfield code="e">ncip</subfield>
    <subfield code="f">19</subfield>
    <subfield code="g">y-geogmaps</subfield>
  </datafield>
  <datafield ind1=" " ind2=" " tag="955">
    <subfield code="i">ga05; ga15</subfield>
  </datafield>
  <datafield ind1=" " ind2=" " tag="010">
    <subfield code="a">   89696911 </subfield>
  </datafield>
  <datafield ind1="1" ind2=" " tag="034">
    <subfield code="a">a</subfield>
    <subfield code="b">325000</subfield>
  </datafield>
  <datafield ind1=" " ind2=" " tag="040">
    <subfield code="a">DLC</subfield>
    <subfield code="c">DLC</subfield>
    <subfield code="d">DLC</subfield>
  </datafield>
  <datafield ind1="0" ind2="0" tag="050">
    <subfield code="a">G3842.C4 1989</subfield>
    <subfield code="b">.U5</subfield>
  </datafield>
  <datafield ind1=" " ind2=" " tag="052">
    <subfield code="a">3842</subfield>
    <subfield code="b">C4</subfield>
  </datafield>
  <datafield ind1=" " ind2=" " tag="052">
    <subfield code="a">3792</subfield>
    <subfield code="b">C4</subfield>
  </datafield>
  <datafield ind1="1" ind2=" " tag="110">
    <subfield code="a">United States.</subfield>
    <subfield code="b">National Park Service.</subfield>
  </datafield>
  <datafield ind1="1" ind2="0" tag="245">
    <subfield code="a">Chesapeake and Ohio Canal, Washington, D.C., Maryland, West Virginia, official map and guide /</subfield>
    <subfield code="c">National Park Service, U.S. Department of the Interior.</subfield>
  </datafield>
  <datafield ind1=" " ind2=" " tag="250">
    <subfield code="a">[1989 rev. ed.].</subfield>
  </datafield>
  <datafield ind1=" " ind2=" " tag="255">
    <subfield code="a">Scale [ca. 1:325,000].</subfield>
  </datafield>
  <datafield ind1=" " ind2=" " tag="260">
    <subfield code="a">[Washington, D.C.] :</subfield>
    <subfield code="b">The Service,</subfield>
    <subfield code="c">[1989]</subfield>
  </datafield>
  <datafield ind1=" " ind2=" " tag="300">
    <subfield code="a">1 map :</subfield>
    <subfield code="b">col. ;</subfield>
    <subfield code="c">55 x 21 cm., on sheet 60 x 21 cm., folded to 10 x 21 cm.</subfield>
  </datafield>
  <datafield ind1=" " ind2=" " tag="500">
    <subfield code="a">"*GPO: 1989--242-345/00044. Reprint 1989."</subfield>
  </datafield>
  <datafield ind1=" " ind2=" " tag="500">
    <subfield code="a">Title at top: Chesapeake and Ohio Canal National Historical Park.</subfield>
  </datafield>
  <datafield ind1=" " ind2=" " tag="500">
    <subfield code="a">Oriented with north toward the upper right.</subfield>
  </datafield>
  <datafield ind1=" " ind2=" " tag="500">
    <subfield code="a">Text, map of lower canal, and ill. on verso.</subfield>
  </datafield>
  <datafield ind1=" " ind2=" " tag="530">
    <subfield code="a">Available also through the Library of Congress Web site as a raster image.</subfield>
  </datafield>
  <datafield ind1=" " ind2="0" tag="651">
    <subfield code="a">Chesapeake and Ohio Canal (Md. and Washington, D.C.)</subfield>
    <subfield code="v">Maps.</subfield>
  </datafield>
  <datafield ind1=" " ind2="0" tag="651">
    <subfield code="a">Chesapeake and Ohio Canal National Historical Park</subfield>
    <subfield code="v">Maps.</subfield>
  </datafield>
  <datafield ind1=" " ind2=" " tag="662">
    <subfield code="a">United States</subfield>
    <subfield code="b">Maryland</subfield>
    <subfield code="c">Chesapeake and Ohio Canal.</subfield>
    <subfield code="2">lcsh</subfield>
  </datafield>
  <datafield ind1=" " ind2=" " tag="662">
    <subfield code="a">United States</subfield>
    <subfield code="b">District of Columbia</subfield>
    <subfield code="c">Chesapeake and Ohio Canal.</subfield>
    <subfield code="2">lcsh</subfield>
  </datafield>
  <datafield ind1=" " ind2=" " tag="662">
    <subfield code="a">United States</subfield>
    <subfield code="b">Maryland</subfield>
    <subfield code="c">Chesapeake and Ohio Canal National Historical Park.</subfield>
    <subfield code="2">lcsh</subfield>
  </datafield>
  <datafield ind1=" " ind2=" " tag="662">
    <subfield code="a">United States</subfield>
    <subfield code="b">District of Columbia</subfield>
    <subfield code="c">Chesapeake and Ohio Canal National Historical Park.</subfield>
    <subfield code="2">lcsh</subfield>
  </datafield>
  <datafield ind1=" " ind2=" " tag="662">
    <subfield code="a">United States</subfield>
    <subfield code="b">West Virginia</subfield>
    <subfield code="c">Chesapeake and Ohio Canal National Historical Park.</subfield>
    <subfield code="2">lcsh</subfield>
  </datafield>
  <datafield ind1="0" ind2=" " tag="740">
    <subfield code="a">Chesapeake and Ohio Canal National Historical Park.</subfield>
  </datafield>
  <datafield ind1="0" ind2=" " tag="852">
    <subfield code="a">Library of Congress</subfield>
    <subfield code="b">Geography and Map Division</subfield>
    <subfield code="e">Washington, D.C. 20540-4650 USA</subfield>
    <subfield code="n">dcu</subfield>
  </datafield>
  <datafield ind1="4" ind2="1" tag="856">
    <subfield code="d">g3842c</subfield>
    <subfield code="f">ct008616</subfield>
    <subfield code="u">http://hdl.loc.gov/loc.gmd/g3842c.ct008616</subfield>
    <subfield code="q">c</subfield>
  </datafield>
  <datafield ind1=" " ind2=" " tag="985">
    <subfield code="a">GMD/CT</subfield>
    <subfield code="e">ammem</subfield>
  </datafield>
  <datafield ind1=" " ind2=" " tag="985">
    <subfield code="a">GMD/GNRLMAP</subfield>
    <subfield code="e">ammem</subfield>
    <subfield code="h">20180213</subfield>
  </datafield>
  <datafield ind1=" " ind2=" " tag="991">
    <subfield code="b">c-G&amp;M</subfield>
    <subfield code="h">G3842.C4 1989</subfield>
    <subfield code="i">.U5</subfield>
    <subfield code="t">Copy 1</subfield>
    <subfield code="w">MAPS</subfield>
  </datafield>
</record>